@article{bartlett1972,
    title = {A new oxidation state of gold: the preparation and some properties of \ce{[AuF6]-} salts},
    author = {Leary, Kevin and Bartlett, Neil},
    year = 1972,
    journal = {J. Chem. Soc.{,} Chem. Commun.},
    publisher = {The Royal Society of Chemistry},
    pages = {903--904},
    issue = 15
}

@article{otten2009complexation,
    title = {Complexation of nitrous oxide by frustrated Lewis pairs},
    author = {Otten, Edwin and Neu, Rebecca C and Stephan, Douglas W},
    year = 2009,
    journal = {Journal of the American Chemical Society},
    publisher = {ACS Publications},
    volume = 131,
    number = 29,
    pages = {9918--9919}
}
